@misc{Manyika2017,
  author    = {James Manyika and others},
  title     = {A Future That Works: Automation, Employment, and Productivity},
  year      = {2017},
  url       = {https://api.semanticscholar.org/CorpusID:114479521}
}

@misc{Bughin2018,
  author    = {Jacques Bughin and others},
  title     = {Skill Shift: Automation and the Future of the Workforce},
  year      = {2018},
  note      = {Accessed: 2024-05-01},
  url       = {https://www.mckinsey.com/featured-insights/future-of-work/skill-shift-automation-and-the-future-of-the-workforce}
}

@misc{Deloitte2023,
  author    = {Deloitte},
  title     = {Five 2023 Workflow Automation Trends Reshaping the Future},
  year      = {2023},
  note      = {Accessed: 2024-05-01},
  url       = {https://www.deloitte.com/global/en/alliances/servicenow/about/2023-workflow-automation-trends.html}
}

@misc{Smartbridge2023,
  author    = {Smartbridge},
  title     = {2023 Automation Trends: Unlock the Future of Intelligent Automation},
  year      = {2023},
  note      = {Accessed: 2024-05-01},
  url       = {https://smartbridge.com/2023-automation-trends-unlock-the-future-of-intelligent-automation/}
}

@inproceedings{Agarwal2012,
  author    = {Apoorv Agarwal and others},
  title     = {A Comprehensive Gold Standard for the Enron Organizational Hierarchy},
  booktitle = {Proceedings of the 50th Annual Meeting of the Association for Computational Linguistics (Volume 2: Short Papers)},
  editor    = {Haizhou Li and others},
  location  = {Jeju Island, Korea},
  publisher = {Association for Computational Linguistics},
  month     = {July},
  year      = {2012},
  pages     = {161--165},
  url       = {https://aclanthology.org/P12-2032}
}

@article{Bringmann2023,
  author    = {Karl Bringmann and others},
  title     = {Dynamic Dynamic Time Warping},
  year      = {2023},
  journal   = {arXiv},
  archivePrefix = {arXiv},
  eprint    = {2310.18128},
  primaryClass = {cs.CG}
}

@incollection{Campello2013,
  author    = {Ricardo J. G. B. Campello and Davoud Moulavi and Joerg Sander},
  title     = {Density-Based Clustering Based on Hierarchical Density Estimates},
  booktitle = {Advances in Knowledge Discovery and Data Mining},
  editor    = {Jian Pei and others},
  publisher = {Springer Berlin Heidelberg},
  location  = {Berlin, Heidelberg},
  year      = {2013},
  pages     = {160--172},
  isbn      = {978-3-642-37456-2}
}

@article{Devlin2018,
  author    = {Jacob Devlin and others},
  title     = {BERT: Pre-training of Deep Bidirectional Transformers for Language Understanding},
  journal   = {arXiv preprint},
  year      = {2018},
  archivePrefix = {arXiv},
  eprint    = {1810.04805}
}

@inproceedings{Diesner2005a,
  author    = {Jana Diesner and Kathleen M Carley},
  title     = {Exploration of Communication Networks from the Enron Email Corpus},
  booktitle = {Proceedings of the 2005 SIAM International Conference on Data Mining},
  publisher = {SIAM},
  year      = {2005},
  pages     = {3--14}
}

@article{Diesner2005b,
  author    = {Jana Diesner and Terrill L. Frantz and Kathleen M. Carley},
  title     = {Communication Networks from the Enron Email Corpus "It's Always About the People. Enron is No Different"},
  journal   = {Computational and Mathematical Organization Theory},
  volume    = {11},
  number    = {3},
  year      = {2005},
  pages     = {201--228},
  issn      = {1381-298X},
  doi       = {10.1007/s10588-005-5377-0}
}

@article{Dunn1974,
  author    = {J. C. Dunn},
  title     = {Well-Separated Clusters and Optimal Fuzzy Partitions},
  journal   = {Journal of Cybernetics},
  volume    = {4},
  number    = {1},
  year      = {1974},
  pages     = {95--104},
  doi       = {10.1080/01969727408546059},
  url       = {https://doi.org/10.1080/01969727408546059}
}

@inproceedings{Ester1996,
  author    = {Martin Ester and others},
  title     = {A Density-Based Algorithm for Discovering Clusters in Large Spatial Databases with Noise},
  booktitle = {KDD'96},
  location  = {Portland, Oregon},
  publisher = {AAAI Press},
  year      = {1996},
  pages     = {226--231}
}

@article{Ezugwu2022,
  author    = {Absalom E. Ezugwu and others},
  title     = {A Comprehensive Survey of Clustering Algorithms: State-of-the-Art Machine Learning Applications, Taxonomy, Challenges, and Future Research Prospects},
  journal   = {Engineering Applications of Artificial Intelligence},
  volume    = {110},
  month     = {April},
  year      = {2022},
  issn      = {0952-1976},
  doi       = {10.1016/j.engappai.2022.104743},
  url       = {https://doi.org/10.1016/j.engappai.2022.104743}
}

@misc{HuggingFace2020,
  author    = {HuggingFace},
  title     = {all-mpnet-base-v1},
  year      = {2020},
  note      = {Accessed: 2024-04-09},
  url       = {https://huggingface.co/sentence-transformers/all-mpnet-base-v1}
}

@misc{he2024semi,
      title={Semi-supervised learning via DQN for log anomaly detection}, 
      author={Yingying He and Xiaobing Pei},
      year={2024},
      eprint={2401.03151},
      archivePrefix={arXiv},
      primaryClass={cs.SE},
      url={https://arxiv.org/abs/2401.03151}, 
}

@article{joulin2016bag,
  author    = {Armand Joulin and others},
  title     = {Bag of Tricks for Efficient Text Classification},
  year      = {2016},
  archivePrefix = {arXiv},
  eprint    = {1607.01759},
  primaryClass = {cs.CL}
}


@inproceedings{kathuria2020evaluating,
  author    = {Abhishek Kathuria and Devarshi Mukhopadhyay and Narina Thakur},
  title     = {Evaluating Cohesion Score with Email Clustering},
  booktitle = {Proceedings of First International Conference on Computing, Communications, and Cyber-Security (IC4S 2019)},
  editor    = {Pradeep Kumar Singh and others},
  publisher = {Springer Singapore},
  address   = {Singapore},
  year      = {2020},
  pages     = {107--119},
  isbn      = {978-981-15-3369-3}
}

@inproceedings{klimt2004enron,
  author    = {Bryan Klimt and Yiming Yang},
  title     = {The Enron Corpus: A New Dataset for Email Classification Research},
  booktitle = {Machine Learning: ECML 2004},
  editor    = {Jean-François Boulicaut and others},
  publisher = {Springer Berlin Heidelberg},
  address   = {Berlin, Heidelberg},
  year      = {2004},
  pages     = {217--226},
  isbn      = {978-3-540-30115-8}
}

@misc{lam2015numba,
  author    = {Siu Kwan Lam and Antoine Pitrou and Stanley Seibert},
  title     = {Numba: A LLVM Compiler for Python Array Expression},
  year      = {2015},
  note      = {Accessed: 2024-04-24},
  url       = {http://numba.pydata.org/}
}

@inproceedings{liu2018jointly,
  author    = {Xiao Liu and Zhunchen Luo and Heyan Huang},
  title     = {Jointly Multiple Events Extraction via Attention-based Graph Information Aggregation},
  booktitle = {Proceedings of the 2018 Conference on Empirical Methods in Natural Language Processing},
  editor    = {Ellen Rilo and others},
  publisher = {Association for Computational Linguistics},
  address   = {Brussels, Belgium},
  month     = {Oct.},
  year      = {2018},
  pages     = {1247--1256},
  doi       = {10.18653/v1/D18-1156},
  url       = {https://aclanthology.org/D18-1156}
}

@article{magotra2022actionable,
  author    = {Adit Magotra},
  title     = {Actionable Phrase Detection using NLP},
  year      = {2022},
  archivePrefix = {arXiv},
  eprint    = {2210.16841}
}

@article{mikolov2013distributed,
  author    = {Tomas Mikolov and others},
  title     = {Distributed representations of words and phrases and their compositionality},
  journal   = {Advances in neural information processing systems},
  year      = {2013},
  pages     = {3111--3119}
}

@inproceedings{pennington2014glove,
  author    = {Jeffrey Pennington and Richard Socher and Christopher D Manning},
  title     = {Glove: Global vectors for word representation},
  booktitle = {Proceedings of the 2014 conference on empirical methods in natural language processing (EMNLP)},
  year      = {2014},
  pages     = {1532--1543}
}

@misc{calo2015dataset,
  author    = {CALO Project},
  title     = {CALO Enron Email Dataset},
  year      = {2015},
  url       = {https://enrondata.readthedocs.io/en/latest/data/calo-enron-email-dataset/}
}

@inproceedings{rahmah2016dbscan,
  author    = {Nadia Rahmah and Imas Sukaesih Sitanggang},
  title     = {Determination of Optimal Epsilon (Eps) Value on DBSCAN Algorithm to Clustering Data on Peatland Hotspots in Sumatra},
  booktitle = {IOP Conference Series: Earth and Environmental Science},
  volume    = {31},
  number    = {1},
  pages     = {012012},
  year      = {2016},
  doi       = {10.1088/1755-1315/31/1/012012}
}

@article{reimers2019sentencebert,
  author    = {Nils Reimers and Iryna Gurevych},
  title     = {Sentence-BERT: Sentence Embeddings using Siamese BERT-Networks},
  year      = {2019},
  note      = {Accessed: 2024-04-09},
  archivePrefix = {arXiv},
  eprint    = {1908.10084},
  primaryClass = {cs.CL},
  url       = {https://www.sbert.net/}
}

@inproceedings{repke2018structure,
  author    = {Tim Repke and Ralf Krestel},
  title     = {Bringing Back Structure to Free Text Email Conversations with Recurrent Neural Networks},
  booktitle = {European Conference on Information Retrieval},
  year      = {2018},
  url       = {https://api.semanticscholar.org/CorpusID:4642077}
}

@article{rousseeuw1987silhouettes,
  author = {Peter J. Rousseeuw},
  title = {Silhouettes: A graphical aid to the interpretation and validation of cluster analysis},
  journal = {Journal of Computational and Applied Mathematics},
  volume = {20},
  pages = {53--65},
  year = {1987},
  issn = {0377-0427},
  doi = {https://doi.org/10.1016/0377-0427(87)90125-7},
  url = {https://www.sciencedirect.com/science/article/pii/0377042787901257}
}


@article{samuelsen2019integrating,
  author    = {Samuelsen, Judith and Chen, Weiqin and Wasson, Barbara},
  title     = {Integrating multiple data sources for learning analytics—review of literature},
  journal   = {Research and Practice in Technology Enhanced Learning},
  volume    = {14},
  number    = {11},
  year      = {2019},
  doi       = {10.1186/s41039-019-0105-4},
  url       = {https://doi.org/10.1186/s41039-019-0105-4}
}


@article{Schubert2017,
  author = {Erich Schubert et al.},
  title = {DBSCAN Revisited, Revisited: Why and How You Should (Still) Use DBSCAN},
  journal = {ACM Transactions on Database Systems},
  volume = {42},
  number = {3},
  year = {2017},
  issn = {0362-5915},
  doi = {10.1145/3068335},
  url = {https://doi.org/10.1145/3068335}
}

@inproceedings{Shah2021,
  author = {Krupal Shah et al.},
  title = {Email User Classification and Topic Modeling},
  booktitle = {Proceedings of the Future Technologies Conference (FTC) 2020, Volume 1},
  editor = {Kohei Arai, Supriya Kapoor, and Rahul Bhatia},
  publisher = {Springer International Publishing},
  address = {Cham},
  year = {2021},
  pages = {359-377},
  isbn = {978-3-030-63128-4}
}

@misc{Shetty2004,
  author = {Jitesh Shetty and Jafar Adibi},
  title = {The Enron Email Dataset Database Schema and Brief Statistical Report},
  year = {2004},
  url = {https://api.semanticscholar.org/CorpusID:59919272}
}

@inproceedings{song2020mpnet,
  author    = {Kaitao Song and others},
  title     = {MPNet: Masked and Permuted Pre-training for Language Understanding},
  booktitle = {Proceedings of the 34th Conference on Neural Information Processing Systems (NeurIPS)},
  year      = {2020},
  url       = {https://arxiv.org/abs/2004.09297}
}

@inproceedings{wang2021comparative,
  author    = {Congcong Wang and Paul Nulty and David Lillis},
  title     = {A Comparative Study on Word Embeddings in Deep Learning for Text Classification},
  booktitle = {Proceedings of the 4th International Conference on Natural Language Processing and Information Retrieval (NLPIR '20)},
  year      = {2021},
  pages     = {37--46},
  publisher = {Association for Computing Machinery},
  address   = {Seoul, Republic of Korea},
  isbn      = {9781450377607},
  doi       = {10.1145/3443279.3443304},
  url       = {https://doi.org/10.1145/3443279.3443304}
}

@inproceedings{wang2008email,
  author    = {Xia Wang and others},
  title     = {Email Conversations Reconstruction Based on Messages Threading for Multi-person},
  booktitle = {2008 International Workshop on Education Technology and Training and 2008 International Workshop on Geoscience and Remote Sensing},
  volume    = {1},
  year      = {2008},
  pages     = {676--680},
  doi       = {10.1109/ETTandGRS.2008.321}
}

@inproceedings{yeh2006email,
  author    = {Jen-Yuan Yeh},
  title     = {Email Thread Reassembly Using Similarity Matching},
  booktitle = {International Conference on Email and Anti-Spam},
  year      = {2006},
  url       = {https://api.semanticscholar.org/CorpusID:6206273}
}

@article{yue2024event,
  author    = {Linan Yue and others},
  title     = {Event Grounded Criminal Court View Generation with Cooperative (Large) Language Models},
  journal   = {arXiv preprint},
  volume    = {arXiv:2404.07001},
  year      = {2024},
  url       = {https://arxiv.org/abs/2404.07001}
}





